
@article{Fournier1901,
author={Fournier, Paul},
title={Not a Real Paper},
journal={ApJ},
fjournal={Astrophysical Journal},
volume=1,
pages={101-111},
year=1901,
}

@article{vanDijk1902,
author={{\VAN{Dijk}{Van}{van}} Dijk, Thomas},
title={An important paper},
journal={QJRAS},
fjournal={Quarterly Journal of the Royal Astronomial Society},
volume=2,
pages={202-207},
year=1902,
}

@article{deLaguarde1903,
author={{\VAN{Laguarde}{De}{de}} Laguarde, Anne},
title={Another Unreal Paper},
journal={Nat},
fjournal={Nature},
volume=3,
pages={303-304},
year=1903,
}

@article{delaGuarde1904,
author={{\VAN{Guarde}{De la}{de la}} Guarde, Simon},
title={A Last Unreal Paper},
journal={MNRAS},
fjournal={Monthly Notices of the Royal Astronomial Society},
volume=4,
pages={404-481},
year=1904,
}
@ARTICLE{2015Sci...347.1126G,
       author = {{Geier}, S. and {F{\"u}rst}, F. and {Ziegerer}, E. and {Kupfer}, T. and {Heber}, U. and {Irrgang}, A. and {Wang}, B. and {Liu}, Z. and {Han}, Z. and {Sesar}, B. and {Levitan}, D. and {Kotak}, R. and {Magnier}, E. and {Smith}, K. and {Burgett}, W.~S. and {Chambers}, K. and {Flewelling}, H. and {Kaiser}, N. and {Wainscoat}, R. and {Waters}, C.},
        title = "{The fastest unbound star in our Galaxy ejected by a thermonuclear supernova}",
      journal = {Science},
     keywords = {ASTRONOMY, Astrophysics - Solar and Stellar Astrophysics},
         year = 2015,
        month = mar,
       volume = {347},
       number = {6226},
        pages = {1126-1128},
          doi = {10.1126/science.1259063},
archivePrefix = {arXiv},
       eprint = {1503.01650},
 primaryClass = {astro-ph.SR},
       adsurl = {https://ui.adsabs.harvard.edu/abs/2015Sci...347.1126G},
      adsnote = {Provided by the SAO/NASA Astrophysics Data System}
}


@ARTICLE{2005A&A...444L..61H,
       author = {{Hirsch}, H.~A. and {Heber}, U. and {O'Toole}, S.~J. and {Bresolin}, F.},
        title = "{<ASTROBJ>US 708</ASTROBJ> - an unbound hyper-velocity subluminous O star}",
      journal = {\aap},
     keywords = {stars: individual: <ASTROBJ>US 708</ASTROBJ>, stars: subdwarfs, stars: early-type, stars: atmospheres, Galaxy: halo, Galaxy: centre, Astrophysics},
         year = 2005,
        month = dec,
       volume = {444},
       number = {3},
        pages = {L61-L64},
          doi = {10.1051/0004-6361:200500212},
archivePrefix = {arXiv},
       eprint = {astro-ph/0511323},
 primaryClass = {astro-ph},
       adsurl = {https://ui.adsabs.harvard.edu/abs/2005A&A...444L..61H},
      adsnote = {Provided by the SAO/NASA Astrophysics Data System}
}


@ARTICLE{2019MNRAS.489.1489R,
       author = {{Raddi}, R. and {Hollands}, M.~A. and {Koester}, D. and {Hermes}, J.~J. and {G{\"a}nsicke}, B.~T. and {Heber}, U. and {Shen}, K.~J. and {Townsley}, D.~M. and {Pala}, A.~F. and {Reding}, J.~S. and {Toloza}, O.~F. and {Pelisoli}, I. and {Geier}, S. and {Gentile Fusillo}, N.~P. and {Munari}, U. and {Strader}, J.},
        title = "{Partly burnt runaway stellar remnants from peculiar thermonuclear supernovae}",
      journal = {\mnras},
     keywords = {stars: individual: LP 40-365, subdwarfs, supernovae: general, white dwarfs, Galaxy: kinematics and dynamics, Astrophysics - Solar and Stellar Astrophysics},
         year = 2019,
        month = oct,
       volume = {489},
       number = {2},
        pages = {1489-1508},
          doi = {10.1093/mnras/stz1618},
archivePrefix = {arXiv},
       eprint = {1902.05061},
 primaryClass = {astro-ph.SR},
       adsurl = {https://ui.adsabs.harvard.edu/abs/2019MNRAS.489.1489R},
      adsnote = {Provided by the SAO/NASA Astrophysics Data System}
}


@ARTICLE{2018ApJ...865...15S,
       author = {{Shen}, Ken J. and {Boubert}, Douglas and {G{\"a}nsicke}, Boris T. and {Jha}, Saurabh W. and {Andrews}, Jennifer E. and {Chomiuk}, Laura and {Foley}, Ryan J. and {Fraser}, Morgan and {Gromadzki}, Mariusz and {Guillochon}, James and {Kotze}, Marissa M. and {Maguire}, Kate and {Siebert}, Matthew R. and {Smith}, Nathan and {Strader}, Jay and {Badenes}, Carles and {Kerzendorf}, Wolfgang E. and {Koester}, Detlev and {Kromer}, Markus and {Miles}, Broxton and {Pakmor}, R{\"u}diger and {Schwab}, Josiah and {Toloza}, Odette and {Toonen}, Silvia and {Townsley}, Dean M. and {Williams}, Brian J.},
        title = "{Three Hypervelocity White Dwarfs in Gaia DR2: Evidence for Dynamically Driven Double-degenerate Double-detonation Type Ia Supernovae}",
      journal = {\apj},
     keywords = {binaries: close, nuclear reactions, nucleosynthesis, abundances, supernovae: general, white dwarfs, Astrophysics - Solar and Stellar Astrophysics, Astrophysics - High Energy Astrophysical Phenomena},
         year = 2018,
        month = sep,
       volume = {865},
       number = {1},
          eid = {15},
        pages = {15},
          doi = {10.3847/1538-4357/aad55b},
archivePrefix = {arXiv},
       eprint = {1804.11163},
 primaryClass = {astro-ph.SR},
       adsurl = {https://ui.adsabs.harvard.edu/abs/2018ApJ...865...15S},
      adsnote = {Provided by the SAO/NASA Astrophysics Data System}
}


@ARTICLE{2023arXiv230603914E,
       author = {{El-Badry}, Kareem and {Shen}, Ken J. and {Chandra}, Vedant and {Bauer}, Evan and {Fuller}, Jim and {Strader}, Jay and {Chomiuk}, Laura and {Naidu}, Rohan and {Caiazzo}, Ilaria and {Rodriguez}, Antonio C. and {Nagarajan}, Pranav and {Yamaguchi}, Natsuko and {Vanderbosch}, Zachary P. and {Roulston}, Benjamin R. and {van Roestel}, Jan and {G{\"a}nsicke}, Boris and {Han}, Jiwon Jesse and {Burdge}, Kevin B. and {Filippenko}, Alexei V. and {Brink}, Thomas G. and {Zheng}, WeiKang},
        title = "{The fastest stars in the Galaxy}",
      journal = {arXiv e-prints},
     keywords = {Astrophysics - Solar and Stellar Astrophysics, Astrophysics - Astrophysics of Galaxies, Astrophysics - High Energy Astrophysical Phenomena},
         year = 2023,
        month = jun,
          eid = {arXiv:2306.03914},
        pages = {arXiv:2306.03914},
          doi = {10.48550/arXiv.2306.03914},
archivePrefix = {arXiv},
       eprint = {2306.03914},
 primaryClass = {astro-ph.SR},
       adsurl = {https://ui.adsabs.harvard.edu/abs/2023arXiv230603914E},
      adsnote = {Provided by the SAO/NASA Astrophysics Data System}
}

@ARTICLE{2019ApJ...887...68B,
       author = {{Bauer}, Evan B. and {White}, Christopher J. and {Bildsten}, Lars},
        title = "{Remnants of Subdwarf Helium Donor Stars Ejected from Close Binaries with Thermonuclear Supernovae}",
      journal = {\apj},
     keywords = {Runaway stars, High-velocity stars, Close binary stars, Subdwarf stars, White dwarf stars, Compact binary stars, Supernovae, 1417, 736, 254, 2054, 1799, 283, 1668, Astrophysics - Solar and Stellar Astrophysics, Astrophysics - High Energy Astrophysical Phenomena},
         year = 2019,
        month = dec,
       volume = {887},
       number = {1},
          eid = {68},
        pages = {68},
          doi = {10.3847/1538-4357/ab4ea4},
archivePrefix = {arXiv},
       eprint = {1906.08941},
 primaryClass = {astro-ph.SR},
       adsurl = {https://ui.adsabs.harvard.edu/abs/2019ApJ...887...68B},
      adsnote = {Provided by the SAO/NASA Astrophysics Data System}
}


@ARTICLE{2011ApJS..192....3P,
       author = {{Paxton}, Bill and {Bildsten}, Lars and {Dotter}, Aaron and {Herwig}, Falk and {Lesaffre}, Pierre and {Timmes}, Frank},
        title = "{Modules for Experiments in Stellar Astrophysics (MESA)}",
      journal = {\apjs},
     keywords = {methods: numerical, stars: evolution, stars: general, Astrophysics - Solar and Stellar Astrophysics, Astrophysics - Instrumentation and Methods for Astrophysics},
         year = 2011,
        month = jan,
       volume = {192},
       number = {1},
          eid = {3},
        pages = {3},
          doi = {10.1088/0067-0049/192/1/3},
archivePrefix = {arXiv},
       eprint = {1009.1622},
 primaryClass = {astro-ph.SR},
       adsurl = {https://ui.adsabs.harvard.edu/abs/2011ApJS..192....3P},
      adsnote = {Provided by the SAO/NASA Astrophysics Data System}
}

@ARTICLE{2020ApJS..248...32W,
       author = {{Weinberger}, Rainer and {Springel}, Volker and {Pakmor}, R{\"u}diger},
        title = "{The AREPO Public Code Release}",
      journal = {\apjs},
     keywords = {Computational methods, Computational astronomy, Magnetohydrodynamics, Astrophysical fluid dynamics, Gravitation, Galaxy formation, Hydrodynamics, Large-scale structure of the universe, 1965, 293, 1964, 101, 661, 595, 767, 902, Astrophysics - Instrumentation and Methods for Astrophysics, Astrophysics - Cosmology and Nongalactic Astrophysics, Astrophysics - Astrophysics of Galaxies, Physics - Computational Physics},
         year = 2020,
        month = jun,
       volume = {248},
       number = {2},
          eid = {32},
        pages = {32},
          doi = {10.3847/1538-4365/ab908c},
archivePrefix = {arXiv},
       eprint = {1909.04667},
 primaryClass = {astro-ph.IM},
       adsurl = {https://ui.adsabs.harvard.edu/abs/2020ApJS..248...32W},
      adsnote = {Provided by the SAO/NASA Astrophysics Data System}
}

@ARTICLE{Paxton2011,
  author = {{Paxton}, B. and {Bildsten}, L. and {Dotter}, A. and {Herwig}, F. and {Lesaffre}, P. and {Timmes}, F.},
  title = {{Modules for Experiments in Stellar Astrophysics (MESA)}},
  journal = {\apjs},
  archivePrefix = {arXiv},
  eprint = {1009.1622},
  primaryClass = {astro-ph.SR},
  keywords = {methods: numerical, stars: evolution, stars: general},
  year = {2011},
  month = {jan},
  volume = {192},
  eid = {3},
  pages = {3},
  doi = {10.1088/0067-0049/192/1/3},
  adsurl = {https://ui.adsabs.harvard.edu/abs/2011ApJS..192....3P},
  adsnote = {Provided by the SAO/NASA Astrophysics Data System},
}

@ARTICLE{Paxton2013,
  author = {{Paxton}, B. and {Cantiello}, M. and {Arras}, P. and {Bildsten}, L. and {Brown}, E.~F. and {Dotter}, A. and {Mankovich}, C. and {Montgomery}, M.~H. and {Stello}, D. and {Timmes}, F.~X. and {Townsend}, R.},
  title = {{Modules for Experiments in Stellar Astrophysics (MESA): Planets, Oscillations, Rotation, and Massive Stars}},
  journal = {\apjs},
  archivePrefix = {arXiv},
  eprint = {1301.0319},
  primaryClass = {astro-ph.SR},
  keywords = {asteroseismology, methods: numerical, planets and satellites: physical evolution, stars: evolution, stars: massive, stars: rotation},
  year = {2013},
  month = {sep},
  volume = {208},
  eid = {4},
  pages = {4},
  doi = {10.1088/0067-0049/208/1/4},
  adsurl = {https://ui.adsabs.harvard.edu/abs/2013ApJS..208....4P},
  adsnote = {Provided by the SAO/NASA Astrophysics Data System},
}

@ARTICLE{Paxton2015,
  author = {{Paxton}, B. and {Marchant}, P. and {Schwab}, J. and {Bauer}, E.~B. and {Bildsten}, L. and {Cantiello}, M. and {Dessart}, L. and {Farmer}, R. and {Hu}, H. and {Langer}, N. and {Townsend}, R.~H.~D. and {Townsley}, D.~M. and {Timmes}, F.~X.},
  title = {{Modules for Experiments in Stellar Astrophysics (MESA): Binaries, Pulsations, and Explosions}},
  journal = {\apjs},
  archivePrefix = {arXiv},
  eprint = {1506.03146},
  primaryClass = {astro-ph.SR},
  keywords = {binaries: general, methods: numerical, nuclear reactions, nucleosynthesis, abundances, shock waves, stars: evolution, stars: oscillations},
  year = {2015},
  month = {sep},
  volume = {220},
  eid = {15},
  pages = {15},
  doi = {10.1088/0067-0049/220/1/15},
  adsurl = {https://ui.adsabs.harvard.edu/abs/2015ApJS..220...15P},
  adsnote = {Provided by the SAO/NASA Astrophysics Data System},
}

@ARTICLE{Paxton2018,
  author = {{Paxton}, B. and {Schwab}, J. and {Bauer}, E.~B. and {Bildsten}, L. and {Blinnikov}, S. and {Duffell}, P. and {Farmer}, R. and {Goldberg}, J.~A. and {Marchant}, P. and {Sorokina}, E. and {Thoul}, A. and {Townsend}, R.~H.~D. and {Timmes}, F.~X.},
  title = {{Modules for Experiments in Stellar Astrophysics (MESA): Convective Boundaries, Element Diffusion, and Massive Star Explosions}},
  journal = {\apjs},
  archivePrefix = {arXiv},
  eprint = {1710.08424},
  primaryClass = {astro-ph.SR},
  keywords = {convection, diffusion, hydrodynamics, methods: numerical, stars: evolution, supernovae: general },
  year = {2018},
  month = {feb},
  volume = {234},
  eid = {34},
  pages = {34},
  doi = {10.3847/1538-4365/aaa5a8},
  adsurl = {https://ui.adsabs.harvard.edu/abs/2018ApJS..234...34P},
  adsnote = {Provided by the SAO/NASA Astrophysics Data System},
}

@ARTICLE{Paxton2019,
       author = {{Paxton}, Bill and {Smolec}, R. and {Schwab}, Josiah and {Gautschy}, A. and
         {Bildsten}, Lars and {Cantiello}, Matteo and {Dotter}, Aaron and
         {Farmer}, R. and {Goldberg}, Jared A. and {Jermyn}, Adam S. and
         {Kanbur}, S.~M. and {Marchant}, Pablo and {Thoul}, Anne and
         {Townsend}, Richard H.~D. and {Wolf}, William M. and {Zhang}, Michael and
         {Timmes}, F.~X.},
        title = "{Modules for Experiments in Stellar Astrophysics (MESA): Pulsating Variable Stars, Rotation, Convective Boundaries, and Energy Conservation}",
      journal = {\apjs},
     keywords = {stars: evolution, stars: general, stars: interiors, stars: oscillations:  including pulsations, stars: rotation, stars: variables: general, Astrophysics - Solar and Stellar Astrophysics},
         year = "2019",
        month = "Jul",
       volume = {243},
       number = {1},
          eid = {10},
        pages = {10},
          doi = {10.3847/1538-4365/ab2241},
archivePrefix = {arXiv},
       eprint = {1903.01426},
 primaryClass = {astro-ph.SR},
       adsurl = {https://ui.adsabs.harvard.edu/abs/2019ApJS..243...10P},
      adsnote = {Provided by the SAO/NASA Astrophysics Data System}
}

@ARTICLE{Jermyn2023,
       author = {{Jermyn}, Adam S. and {Bauer}, Evan B. and {Schwab}, Josiah and {Farmer}, R. and {Ball}, Warrick H. and {Bellinger}, Earl P. and {Dotter}, Aaron and {Joyce}, Meridith and {Marchant}, Pablo and {Mombarg}, Joey S.~G. and {Wolf}, William M. and {Sunny Wong}, Tin Long and {Cinquegrana}, Giulia C. and {Farrell}, Eoin and {Smolec}, R. and {Thoul}, Anne and {Cantiello}, Matteo and {Herwig}, Falk and {Toloza}, Odette and {Bildsten}, Lars and {Townsend}, Richard H.~D. and {Timmes}, F.~X.},
        title = "{Modules for Experiments in Stellar Astrophysics (MESA): Time-dependent Convection, Energy Conservation, Automatic Differentiation, and Infrastructure}",
      journal = {\apjs},
     keywords = {Stellar physics, Stellar evolution, Stellar evolutionary models, Computational methods, 1621, 1599, 2046, 1965, Astrophysics - Solar and Stellar Astrophysics, Astrophysics - Earth and Planetary Astrophysics, Astrophysics - High Energy Astrophysical Phenomena, Astrophysics - Instrumentation and Methods for Astrophysics},
         year = 2023,
        month = mar,
       volume = {265},
       number = {1},
          eid = {15},
        pages = {15},
          doi = {10.3847/1538-4365/acae8d},
archivePrefix = {arXiv},
       eprint = {2208.03651},
 primaryClass = {astro-ph.SR},
       adsurl = {https://ui.adsabs.harvard.edu/abs/2023ApJS..265...15J},
      adsnote = {Provided by the SAO/NASA Astrophysics Data System}
}

@ARTICLE{Itoh1996,
  author = {{Itoh}, N. and {Hayashi}, H. and {Nishikawa}, A. and {Kohyama}, Y. },
  title = {{Neutrino Energy Loss in Stellar Interiors. VII. Pair, Photo-, Plasma, Bremsstrahlung, and Recombination Neutrino Processes}},
  journal = {\apjs},
  keywords = {DENSE MATTER, ELEMENTARY PARTICLES, RADIATION MECHANISMS: NONTHERMAL, STARS: INTERIORS, METHODS: NUMERICAL},
  year = {1996},
  month = {feb},
  volume = {102},
  pages = {411},
  doi = {10.1086/192264},
  adsurl = {https://ui.adsabs.harvard.edu/abs/1996ApJS..102..411I},
  adsnote = {Provided by the SAO/NASA Astrophysics Data System},
}

@ARTICLE{Cyburt2010,
  author = {{Cyburt}, R.~H. and {Amthor}, A.~M. and {Ferguson}, R. and {Meisel}, Z. and {Smith}, K. and {Warren}, S. and {Heger}, A. and {Hoffman}, R.~D. and {Rauscher}, T. and {Sakharuk}, A. and {Schatz}, H. and {Thielemann}, F.~K. and {Wiescher}, M.},
  title = {{The JINA REACLIB Database: Its Recent Updates and Impact on Type-I X-ray Bursts}},
  journal = {\apjs},
  keywords = {nuclear reactions, nucleosynthesis, abundances, X-rays: bursts},
  year = {2010},
  month = {jul},
  volume = {189},
  pages = {240-252},
  doi = {10.1088/0067-0049/189/1/240},
  adsurl = {https://ui.adsabs.harvard.edu/abs/2010ApJS..189..240C},
  adsnote = {Provided by the SAO/NASA Astrophysics Data System},
}

@ARTICLE{Angulo1999,
       author = {{Angulo}, C. and {Arnould}, M. and {Rayet}, M. and {Descouvemont}, P. and {Baye}, D. and {Leclercq-Willain}, C. and {Coc}, A. and {Barhoumi}, S. and {Aguer}, P. and {Rolfs}, C. and {Kunz}, R. and {Hammer}, J.~W. and {Mayer}, A. and {Paradellis}, T. and {Kossionides}, S. and {Chronidou}, C. and {Spyrou}, K. and {degl'Innocenti}, S. and {Fiorentini}, G. and {Ricci}, B. and {Zavatarelli}, S. and {Providencia}, C. and {Wolters}, H. and {Soares}, J. and {Grama}, C. and {Rahighi}, J. and {Shotter}, A. and {Lamehi Rachti}, M.},
        title = "{A compilation of charged-particle induced thermonuclear reaction rates}",
      journal = {\nphysa},
         year = 1999,
        month = aug,
       volume = {656},
       number = {1},
        pages = {3-183},
          doi = {10.1016/S0375-9474(99)00030-5},
       adsurl = {https://ui.adsabs.harvard.edu/abs/1999NuPhA.656....3A},
      adsnote = {Provided by the SAO/NASA Astrophysics Data System}
}



@article{Chugunov2007,
  author = {{Chugunov}, A.~I. and {Dewitt}, H.~E. and {Yakovlev}, D.~G.},
  title = {{Coulomb tunneling for fusion reactions in dense matter: Path integral MonteCarlo versus mean field}},
  journal = {\prd},
  archivePrefix = {arXiv},
  eprint = {0707.3500},
  keywords = {Nucleosynthesis in novae supernovae and other explosive environments},
  year = {2007},
  month = {jul},
  volume = {76},
  number = {2},
  eid = {025028},
  pages = {025028},
  doi = {10.1103/PhysRevD.76.025028},
  adsurl = {https://ui.adsabs.harvard.edu/abs/2007PhRvD..76b5028C},
  adsnote = {Provided by the SAO/NASA Astrophysics Data System},
}

@article{Fuller1985,
  author = {{Fuller}, G.~M. and {Fowler}, W.~A. and {Newman}, M.~J.},
  title = {{Stellar weak interaction rates for intermediate-mass nuclei. IV - Interpolation procedures for rapidly varying lepton capture rates using effective log (ft)-values}},
  journal = {\apj},
  keywords = {LEPTONS, NEUTRINOS, NUCLEAR CAPTURE, STELLAR CORES, WEAK INTERACTIONS (FIELD THEORY), COMPUTATIONAL ASTROPHYSICS, COMPUTERIZED SIMULATION, ELECTRON CAPTURE},
  year = {1985},
  month = {jun},
  volume = {293},
  pages = {1-16},
  doi = {10.1086/163208},
  adsurl = {https://ui.adsabs.harvard.edu/abs/1985ApJ...293....1F},
  adsnote = {Provided by the SAO/NASA Astrophysics Data System},
}

@article{Oda1994,
  author = {{Oda}, T. and {Hino}, M. and {Muto}, K. and {Takahara}, M. and {Sato}, K.},
  title = {{Rate Tables for the Weak Processes of sd-Shell Nuclei in Stellar Matter}},
  journal = {Atomic Data and Nuclear Data Tables},
  year = {1994},
  month = {mar},
  volume = {56},
  pages = {231-403},
  doi = {10.1006/adnd.1994.1007},
  adsurl = {https://ui.adsabs.harvard.edu/abs/1994ADNDT..56..231O},
  adsnote = {Provided by the SAO/NASA Astrophysics Data System},
}

@article{Langanke2000,
  author = {{Langanke}, K. and {Mart{\'{\i}}nez-Pinedo}, G.},
  title = {{Shell-model calculations of stellar weak interaction rates: II. Weak rates for nuclei in the mass range /A=45-65 in supernovae environments}},
  journal = {Nuclear Physics A},
  eprint = {nucl-th/0001018},
  year = {2000},
  month = {jun},
  volume = {673},
  pages = {481-508},
  doi = {10.1016/S0375-9474(00)00131-7},
  adsurl = {https://ui.adsabs.harvard.edu/abs/2000NuPhA.673..481L},
  adsnote = {Provided by the SAO/NASA Astrophysics Data System},
}


@ARTICLE{Iglesias1993,
  author = {{Iglesias}, C.~A. and {Rogers}, F.~J.},
  title = {{Radiative opacities for carbon- and oxygen-rich mixtures}},
  journal = {\apj},
  keywords = {Carbon Isotopes, Hydrogen Isotopes, Main Sequence Stars, Oxygen Isotopes, Stellar Envelopes, Stellar Evolution, Asymptotic Giant Branch Stars, Radiative Transfer, Stellar Structure},
  year = {1993},
  month = {aug},
  volume = {412},
  pages = {752-760},
  doi = {10.1086/172958},
  adsurl = {https://ui.adsabs.harvard.edu/abs/1993ApJ...412..752I},
  adsnote = {Provided by the SAO/NASA Astrophysics Data System},
}

@ARTICLE{Iglesias1996,
  author = {{Iglesias}, C.~A. and {Rogers}, F.~J.},
  title = {{Updated Opal Opacities}},
  journal = {\apj},
  keywords = {ATOMIC DATA, ATOMIC PROCESSES, STARS: INTERIORS},
  year = {1996},
  month = {jun},
  volume = {464},
  pages = {943},
  doi = {10.1086/177381},
  adsurl = {https://ui.adsabs.harvard.edu/abs/1996ApJ...464..943I},
  adsnote = {Provided by the SAO/NASA Astrophysics Data System},
}

@ARTICLE{Poutanen2017,
       author = {{Poutanen}, Juri},
        title = "{Rosseland and Flux Mean Opacities for Compton Scattering}",
      journal = {\apj},
     keywords = {dense matter, opacity, radiative transfer, scattering, stars: neutron, X-rays: bursts, Astrophysics - High Energy Astrophysical Phenomena},
         year = 2017,
        month = feb,
       volume = {835},
       number = {2},
          eid = {119},
        pages = {119},
          doi = {10.3847/1538-4357/835/2/119},
archivePrefix = {arXiv},
       eprint = {1606.09466},
 primaryClass = {astro-ph.HE},
       adsurl = {https://ui.adsabs.harvard.edu/abs/2017ApJ...835..119P},
      adsnote = {Provided by the SAO/NASA Astrophysics Data System}
}

@ARTICLE{Cassisi2007,
   author = {{Cassisi}, S. and {Potekhin}, A.~Y. and {Pietrinferni}, A. and 
	{Catelan}, M. and {Salaris}, M.},
    title = "{Updated Electron-Conduction Opacities: The Impact on Low-Mass Stellar Models}",
  journal = {\apj},
   eprint = {astro-ph/0703011},
 keywords = {Conduction, Stars: Evolution, Stars: Horizontal-Branch, Stars: Interiors, Stars: White Dwarfs},
     year = 2007,
    month = jun,
   volume = 661,
    pages = {1094-1104},
      doi = {10.1086/516819},
   adsurl = {https://ui.adsabs.harvard.edu/abs/2007ApJ...661.1094C},
  adsnote = {Provided by the SAO/NASA Astrophysics Data System}
}

@ARTICLE{Blouin2020,
       author = {{Blouin}, Simon and {Shaffer}, Nathaniel R. and {Saumon}, Didier and {Starrett}, Charles E.},
        title = "{New Conductive Opacities for White Dwarf Envelopes}",
      journal = {\apj},
     keywords = {Stellar evolution, Stellar interiors, White dwarf stars, 1599, 1606, 1799, Astrophysics - Solar and Stellar Astrophysics, Physics - Plasma Physics},
         year = 2020,
        month = aug,
       volume = {899},
       number = {1},
          eid = {46},
        pages = {46},
          doi = {10.3847/1538-4357/ab9e75},
archivePrefix = {arXiv},
       eprint = {2006.16390},
 primaryClass = {astro-ph.SR},
       adsurl = {https://ui.adsabs.harvard.edu/abs/2020ApJ...899...46B},
      adsnote = {Provided by the SAO/NASA Astrophysics Data System}
}

@ARTICLE{Ferguson2005,
  author = {{Ferguson}, J.~W. and {Alexander}, D.~R. and {Allard}, F. and {Barman}, T. and {Bodnarik}, J.~G. and {Hauschildt}, P.~H. and {Heffner-Wong}, A. and {Tamanai}, A.},
  title = {{Low-Temperature Opacities}},
  journal = {\apj},
  eprint = {astro-ph/0502045},
  keywords = {Atomic Data, Equation of State, Methods: Numerical, Molecular Data},
  year = {2005},
  month = {apr},
  volume = {623},
  pages = {585-596},
  doi = {10.1086/428642},
  adsurl = {https://ui.adsabs.harvard.edu/abs/2005ApJ...623..585F},
  adsnote = {Provided by the SAO/NASA Astrophysics Data System},
}

@MISC{Irwin2004,
  author = {{Irwin}, Alan.~W.},
  title = {The FreeEOS Code for Calculating the Equation of State for Stellar Interiors},
  url = {http://freeeos.sourceforge.net/},
  year = {2004},
}

@ARTICLE{Timmes2000,
  author = {{Timmes}, F.~X. and {Swesty}, F.~D.},
  title = {{The Accuracy, Consistency, and Speed of an Electron-Positron Equation of State Based on Table Interpolation of the Helmholtz Free Energy}},
  journal = {\apjs},
  keywords = {EQUATION OF STATE, HYDRODYNAMICS, METHODS: NUMERICAL, STARS: GENERAL},
  year = {2000},
  month = {feb},
  volume = {126},
  pages = {501-516},
  doi = {10.1086/313304},
  adsurl = {https://ui.adsabs.harvard.edu/abs/2000ApJS..126..501T},
  adsnote = {Provided by the SAO/NASA Astrophysics Data System},
}

@ARTICLE{Saumon1995,
  author = {{Saumon}, D. and {Chabrier}, G. and {van Horn}, H.~M.},
  title = {{An Equation of State for Low-Mass Stars and Giant Planets}},
  journal = {\apjs},
  keywords = {EQUATION OF STATE, STARS: INTERIORS, STARS: LOW-MASS, BROWN DWARFS, STARS: PLANETARY SYSTEMS},
  year = {1995},
  month = {aug},
  volume = {99},
  pages = {713},
  doi = {10.1086/192204},
  adsurl = {https://ui.adsabs.harvard.edu/abs/1995ApJS...99..713S},
  adsnote = {Provided by the SAO/NASA Astrophysics Data System},
}

@ARTICLE{Potekhin2010,
  author = {{Potekhin}, A.~Y. and {Chabrier}, G.},
  title = {{Thermodynamic Functions of Dense Plasmas: Analytic Approximations for Astrophysical Applications}},
  journal = {Contributions to Plasma Physics},
  archivePrefix = {arXiv},
  eprint = {1001.0690},
  primaryClass = {physics.plasm-ph},
  year = {2010},
  month = {jan},
  volume = {50},
  pages = {82-87},
  doi = {10.1002/ctpp.201010017},
  adsurl = {https://ui.adsabs.harvard.edu/abs/2010CoPP...50...82P},
  adsnote = {Provided by the SAO/NASA Astrophysics Data System},
}

@ARTICLE{Rogers2002,
   author = {{Rogers}, F.~J. and {Nayfonov}, A.},
    title = "{Updated and Expanded OPAL Equation-of-State Tables: Implications for Helioseismology}",
  journal = {\apj},
 keywords = {Atomic Processes, Equation of State, Sun: Oscillations},
     year = 2002,
    month = sep,
   volume = 576,
    pages = {1064-1074},
      doi = {10.1086/341894},
   adsurl = {https://ui.adsabs.harvard.edu/abs/2002ApJ...576.1064R},
  adsnote = {Provided by the SAO/NASA Astrophysics Data System}
}

@ARTICLE{Jermyn2021,
       author = {{Jermyn}, Adam S. and {Schwab}, Josiah and {Bauer}, Evan and {Timmes}, F.~X. and {Potekhin}, Alexander Y.},
        title = "{Skye: A Differentiable Equation of State}",
      journal = {\apj},
     keywords = {Stellar physics, Stellar evolutionary models, Publicly available software, 1621, 2046, 1864, Astrophysics - Solar and Stellar Astrophysics, Astrophysics - Astrophysics of Galaxies, Astrophysics - Instrumentation and Methods for Astrophysics},
         year = 2021,
        month = may,
       volume = {913},
       number = {1},
          eid = {72},
        pages = {72},
          doi = {10.3847/1538-4357/abf48e},
archivePrefix = {arXiv},
       eprint = {2104.00691},
 primaryClass = {astro-ph.SR},
       adsurl = {https://ui.adsabs.harvard.edu/abs/2021ApJ...913...72J},
      adsnote = {Provided by the SAO/NASA Astrophysics Data System}
}

@article{Eggleton1983,
  author = {{Eggleton}, P.~P.},
  title = {{Approximations to the radii of Roche lobes}},
  journal = {\apj},
  keywords = {Binary Stars, Celestial Mechanics, Orbital Elements, Roche Limit, Mass Ratios, Radii},
  year = {1983},
  month = {may},
  volume = {268},
  pages = {368},
  doi = {10.1086/160960},
  adsurl = {https://ui.adsabs.harvard.edu/abs/1983ApJ...268..368E},
  adsnote = {Provided by the SAO/NASA Astrophysics Data System},
}

@article{Ritter1988,
  author = {{Ritter}, H.},
  title = {{Turning on and off mass transfer in cataclysmic binaries}},
  journal = {\aap},
  keywords = {Accretion Disks, Binary Stars, Cataclysmic Variables, Mass Transfer, Stellar Evolution, Angular Momentum, Computational Astrophysics, Main Sequence Stars, Photosphere, Stellar Atmospheres, White Dwarf Stars},
  year = {1988},
  month = {aug},
  volume = {202},
  pages = {93-100},
  adsurl = {https://ui.adsabs.harvard.edu/abs/1988A%26A...202...93R},
  adsnote = {Provided by the SAO/NASA Astrophysics Data System},
}

@ARTICLE{Dewitt1973,
       author = {{Dewitt}, H.~E. and {Graboske}, H.~C. and {Cooper}, M.~S.},
        title = "{Screening Factors for Nuclear Reactions. I. General Theory}",
      journal = {\apj},
         year = 1973,
        month = Apr,
       volume = {181},
        pages = {439-456},
          doi = {10.1086/152061},
       adsurl = {https://ui.adsabs.harvard.edu/\#abs/1973ApJ...181..439D},
      adsnote = {Provided by the SAO/NASA Astrophysics Data System}
}
@ARTICLE{Salpeter1954,
       author = {{Salpeter}, E.~E.},
        title = "{Electrons Screening and Thermonuclear Reactions}",
      journal = {Australian Journal of Physics},
         year = 1954,
        month = Sep,
       volume = {7},
        pages = {373},
          doi = {10.1071/PH540373},
       adsurl = {https://ui.adsabs.harvard.edu/\#abs/1954AuJPh...7..373S},
      adsnote = {Provided by the SAO/NASA Astrophysics Data System}
}
@dataset{paxton_bill_2011_4390522,
  author       = {Paxton, Bill},
  title        = {{Monochromatic opacity data from the Opacity 
                   Project (OP) for use with MESA.}},
  month        = jan,
  year         = 2011,
  publisher    = {Zenodo},
  doi          = {10.5281/zenodo.4390522},
  url          = {https://doi.org/10.5281/zenodo.4390522}
}
@ARTICLE{Alastuey1978,
       author = {{Alastuey}, A. and {Jancovici}, B.},
        title = "{Nuclear reaction rate enhancement in dense stellar matter.}",
      journal = {\apj},
     keywords = {Astrophysics, Magnetohydrodynamics, Nuclear Astrophysics, Reaction Kinetics, Thermonuclear Reactions, Correlation, Nuclei (Nuclear Physics), Perturbation Theory, Potential Theory, Quantum Mechanics, Astrophysics, Nuclear Reactions:Stellar Interiors},
         year = 1978,
        month = Dec,
       volume = {226},
        pages = {1034-1040},
          doi = {10.1086/156681},
       adsurl = {https://ui.adsabs.harvard.edu/\#abs/1978ApJ...226.1034A},
      adsnote = {Provided by the SAO/NASA Astrophysics Data System}
}

@ARTICLE{Itoh1979,
       author = {{Itoh}, N. and {Totsuji}, H. and {Ichimaru}, S. and {Dewitt}, H.~E.},
        title = "{Enhancement of thermonuclear reaction rate due to strong screening. II - Ionic mixtures}",
      journal = {\apj},
     keywords = {Nonuniform Plasmas, Reaction Kinetics, Thermonuclear Reactions, Astrophysics, Binary Mixtures, Dense Plasmas, Monte Carlo Method, Astrophysics},
         year = 1979,
        month = Dec,
       volume = {234},
        pages = {1079-1084},
          doi = {10.1086/157590},
       adsurl = {https://ui.adsabs.harvard.edu/\#abs/1979ApJ...234.1079I},
      adsnote = {Provided by the SAO/NASA Astrophysics Data System}
}
